[gd_scene load_steps=12 format=2]

[ext_resource path="res://scripts/ui/menus/TitleScreen.gd" type="Script" id=1]
[ext_resource path="res://levels/Demo.tscn" type="PackedScene" id=2]
[ext_resource path="res://objects/ui/menus/MainMenu.tscn" type="PackedScene" id=3]
[ext_resource path="res://objects/ui/menus/GameMenu.tscn" type="PackedScene" id=4]
[ext_resource path="res://objects/ui/menus/OptionsMenu.tscn" type="PackedScene" id=5]
[ext_resource path="res://objects/ui/menus/VideoMenu.tscn" type="PackedScene" id=6]
[ext_resource path="res://objects/ui/menus/AudioMenu.tscn" type="PackedScene" id=7]
[ext_resource path="res://objects/ui/menus/ControlsMenu.tscn" type="PackedScene" id=8]
[ext_resource path="res://objects/ui/menus/CreditsMenu.tscn" type="PackedScene" id=9]
[ext_resource path="res://music/title.ogg" type="AudioStream" id=10]
[ext_resource path="res://sounds/ui/start.ogg" type="AudioStream" id=11]

[node name="TitleScreen" type="Control"]
anchor_right = 1.0
anchor_bottom = 1.0
script = ExtResource( 1 )
__meta__ = {
"_edit_use_anchors_": false
}

[node name="Demo" parent="." instance=ExtResource( 2 )]

[node name="CanvasLayer" type="CanvasLayer" parent="."]
layer = 2

[node name="MainMenu" parent="CanvasLayer" instance=ExtResource( 3 )]

[node name="GameMenu" parent="CanvasLayer" instance=ExtResource( 4 )]
visible = false

[node name="OptionsMenu" parent="CanvasLayer" instance=ExtResource( 5 )]
visible = false

[node name="VideoMenu" parent="CanvasLayer" instance=ExtResource( 6 )]
visible = false

[node name="AudioMenu" parent="CanvasLayer" instance=ExtResource( 7 )]
visible = false

[node name="ControlsMenu" parent="CanvasLayer" instance=ExtResource( 8 )]
visible = false

[node name="Credits" parent="CanvasLayer" instance=ExtResource( 9 )]
visible = false

[node name="Audio_BGM" type="AudioStreamPlayer" parent="."]
stream = ExtResource( 10 )
bus = "BGM"

[node name="Tween" type="Tween" parent="."]

[node name="Audio_Start" type="AudioStreamPlayer" parent="."]
stream = ExtResource( 11 )
pitch_scale = 2.0
bus = "UI"
