[gd_scene load_steps=5 format=2]

[ext_resource path="res://scripts/ui/menus/PauseMenu.gd" type="Script" id=1]
[ext_resource path="res://objects/ui/components/Menu.tscn" type="PackedScene" id=2]
[ext_resource path="res://objects/ui/components/MenuItem.tscn" type="PackedScene" id=3]
[ext_resource path="res://fonts/title.tres" type="DynamicFont" id=4]

[node name="PauseMenu" type="Control"]
anchor_right = 1.0
anchor_bottom = 1.0
script = ExtResource( 1 )

[node name="Menu" parent="." instance=ExtResource( 2 )]
anchor_left = 0.5
anchor_top = 0.5
anchor_right = 0.5
anchor_bottom = 0.5
margin_left = -55.0
margin_top = -8.5
margin_right = 55.0
margin_bottom = 68.5
rect_scale = Vector2( 2, 2 )
rect_pivot_offset = Vector2( 58, 52 )
custom_constants/separation = -5
text_align = null

[node name="MenuItem_Resume" parent="Menu" instance=ExtResource( 3 )]
margin_right = 120.0
margin_bottom = 16.0
label_text = "Resume"

[node name="MenuItem_Options" parent="Menu" instance=ExtResource( 3 )]
margin_top = 11.0
margin_right = 120.0
label_text = "Options"

[node name="MenuItem_ChangeCurse" parent="Menu" instance=ExtResource( 3 )]
margin_top = 22.0
margin_right = 120.0
margin_bottom = 38.0
label_text = "Change Curse"

[node name="MenuItem_ReturnToMap" parent="Menu" instance=ExtResource( 3 )]
margin_top = 33.0
margin_right = 120.0
margin_bottom = 49.0
label_text = "Return to Map"

[node name="MenuItem_ReturnToTitle" parent="Menu" instance=ExtResource( 3 )]
margin_top = 44.0
margin_right = 120.0
margin_bottom = 60.0
label_text = "Return to Title"

[node name="Label_Title" type="Label" parent="."]
anchor_left = 0.5
anchor_top = 0.5
anchor_right = 0.5
anchor_bottom = 0.5
margin_left = -121.0
margin_top = -140.0
margin_right = 121.0
margin_bottom = -64.0
custom_fonts/font = ExtResource( 4 )
custom_colors/font_color_shadow = Color( 0, 0, 0, 1 )
custom_constants/shadow_offset_x = 4
custom_constants/shadow_offset_y = 4
text = "Paused"
align = 1
valign = 1
