[gd_scene load_steps=11 format=2]

[ext_resource path="res://scripts/CardSelection.gd" type="Script" id=1]
[ext_resource path="res://fonts/title.tres" type="DynamicFont" id=2]
[ext_resource path="res://fonts/paragraph.tres" type="DynamicFont" id=3]
[ext_resource path="res://fonts/mediumtext.tres" type="DynamicFont" id=4]
[ext_resource path="res://fonts/timer.tres" type="DynamicFont" id=5]
[ext_resource path="res://sounds/ui/move.ogg" type="AudioStream" id=6]
[ext_resource path="res://sounds/ui/select.ogg" type="AudioStream" id=7]
[ext_resource path="res://sounds/ui/start.ogg" type="AudioStream" id=8]

[sub_resource type="Animation" id=1]
resource_name = "appear"
tracks/0/type = "value"
tracks/0/path = NodePath("Darken:color")
tracks/0/interp = 1
tracks/0/loop_wrap = true
tracks/0/imported = false
tracks/0/enabled = true
tracks/0/keys = {
"times": PoolRealArray( 0 ),
"transitions": PoolRealArray( 1 ),
"update": 0,
"values": [ Color( 0, 0, 0, 0.501961 ) ]
}
tracks/1/type = "value"
tracks/1/path = NodePath("Label_Title:rect_position")
tracks/1/interp = 1
tracks/1/loop_wrap = true
tracks/1/imported = false
tracks/1/enabled = true
tracks/1/keys = {
"times": PoolRealArray( 0.5, 1 ),
"transitions": PoolRealArray( 0.25, 1 ),
"update": 0,
"values": [ Vector2( 320, -100 ), Vector2( 320, 110 ) ]
}
tracks/2/type = "value"
tracks/2/path = NodePath("Offset:rect_position")
tracks/2/interp = 1
tracks/2/loop_wrap = true
tracks/2/imported = false
tracks/2/enabled = true
tracks/2/keys = {
"times": PoolRealArray( 0.5, 1 ),
"transitions": PoolRealArray( 0.25, 1 ),
"update": 0,
"values": [ Vector2( 0, 180 ), Vector2( 0, 0 ) ]
}
tracks/3/type = "audio"
tracks/3/path = NodePath("Audio_Select")
tracks/3/interp = 1
tracks/3/loop_wrap = true
tracks/3/imported = false
tracks/3/enabled = true
tracks/3/keys = {
"clips": [ {
"end_offset": 0.0,
"start_offset": 0.0,
"stream": ExtResource( 7 )
} ],
"times": PoolRealArray( 0.5 )
}

[sub_resource type="Animation" id=2]
resource_name = "disappear"
length = 2.0
step = 0.5
tracks/0/type = "value"
tracks/0/path = NodePath("Center:rect_position")
tracks/0/interp = 1
tracks/0/loop_wrap = true
tracks/0/imported = false
tracks/0/enabled = true
tracks/0/keys = {
"times": PoolRealArray( 0, 0.5 ),
"transitions": PoolRealArray( 2, 1 ),
"update": 0,
"values": [ Vector2( 0, 0 ), Vector2( 0, 520 ) ]
}
tracks/1/type = "value"
tracks/1/path = NodePath("Offset:rect_position")
tracks/1/interp = 1
tracks/1/loop_wrap = true
tracks/1/imported = false
tracks/1/enabled = true
tracks/1/keys = {
"times": PoolRealArray( 0, 0.5 ),
"transitions": PoolRealArray( 2, 1 ),
"update": 0,
"values": [ Vector2( 0, 0 ), Vector2( 0, 480 ) ]
}
tracks/2/type = "value"
tracks/2/path = NodePath("Label_Title:rect_position")
tracks/2/interp = 1
tracks/2/loop_wrap = true
tracks/2/imported = false
tracks/2/enabled = true
tracks/2/keys = {
"times": PoolRealArray( 0, 0.5 ),
"transitions": PoolRealArray( 2, 1 ),
"update": 0,
"values": [ Vector2( 320, 110 ), Vector2( 320, -100 ) ]
}
tracks/3/type = "value"
tracks/3/path = NodePath("Darken:color")
tracks/3/interp = 1
tracks/3/loop_wrap = true
tracks/3/imported = false
tracks/3/enabled = true
tracks/3/keys = {
"times": PoolRealArray( 0, 0.5 ),
"transitions": PoolRealArray( 1, 1 ),
"update": 0,
"values": [ Color( 0, 0, 0, 0.501961 ), Color( 0, 0, 0, 0 ) ]
}
tracks/4/type = "audio"
tracks/4/path = NodePath("Audio_Start")
tracks/4/interp = 1
tracks/4/loop_wrap = true
tracks/4/imported = false
tracks/4/enabled = true
tracks/4/keys = {
"clips": [ {
"end_offset": 0.0,
"start_offset": 0.0,
"stream": ExtResource( 8 )
} ],
"times": PoolRealArray( 0 )
}
tracks/5/type = "method"
tracks/5/path = NodePath(".")
tracks/5/interp = 1
tracks/5/loop_wrap = true
tracks/5/imported = false
tracks/5/enabled = true
tracks/5/keys = {
"times": PoolRealArray( 0.5 ),
"transitions": PoolRealArray( 1 ),
"values": [ {
"args": [  ],
"method": "game_start"
} ]
}

[node name="CardSelection" type="CanvasLayer"]
pause_mode = 2
layer = 20
script = ExtResource( 1 )

[node name="Darken" type="ColorRect" parent="."]
anchor_right = 1.0
anchor_bottom = 1.0
color = Color( 0, 0, 0, 0.501961 )

[node name="Label_Title" type="Label" parent="."]
anchor_left = 0.5
anchor_top = 0.5
anchor_right = 0.5
anchor_bottom = 0.5
margin_left = -320.0
margin_top = -460.0
margin_right = 320.0
margin_bottom = -384.0
custom_fonts/font = ExtResource( 2 )
custom_colors/font_color_shadow = Color( 0, 0, 0, 1 )
custom_constants/shadow_offset_x = 3
custom_constants/shadow_offset_y = 3
text = "Choose A Curse"
align = 1
valign = 1

[node name="Offset" type="Control" parent="."]
margin_top = 180.0
margin_right = 40.0
margin_bottom = 220.0

[node name="Label_CurseName" type="Label" parent="Offset"]
margin_left = 30.0
margin_top = 530.0
margin_right = 1250.0
margin_bottom = 570.0
rect_min_size = Vector2( 1220, 40 )
size_flags_horizontal = 0
custom_fonts/font = ExtResource( 3 )
custom_colors/font_color = Color( 1, 1, 1, 1 )
custom_colors/font_color_shadow = Color( 0, 0, 0, 1 )
custom_constants/shadow_offset_x = 1
custom_constants/shadow_offset_y = 1
text = "Speedrunner's Complex"
align = 1
valign = 2
autowrap = true

[node name="Label_Description" type="Label" parent="Offset"]
margin_left = 30.0
margin_top = 576.0
margin_right = 1250.0
margin_bottom = 596.0
rect_min_size = Vector2( 1220, 20 )
size_flags_horizontal = 0
custom_fonts/font = ExtResource( 4 )
custom_colors/font_color = Color( 0.627451, 0.627451, 0.627451, 1 )
custom_colors/font_color_shadow = Color( 0, 0, 0, 1 )
custom_constants/shadow_offset_x = 1
custom_constants/shadow_offset_y = 1
text = "This is a description of the curse."
align = 1
autowrap = true

[node name="HBox" type="HBoxContainer" parent="Offset"]
margin_left = 360.0
margin_top = 610.0
margin_right = 920.0
margin_bottom = 650.0
custom_constants/separation = 20
alignment = 1

[node name="VBox_YourBest" type="VBoxContainer" parent="Offset/HBox"]
visible = false
margin_left = 190.0
margin_right = 370.0
margin_bottom = 40.0
rect_min_size = Vector2( 180, 0 )

[node name="Label" type="Label" parent="Offset/HBox/VBox_YourBest"]
margin_right = 180.0
margin_bottom = 18.0
rect_min_size = Vector2( 160, 0 )
size_flags_vertical = 3
custom_fonts/font = ExtResource( 4 )
custom_colors/font_color = Color( 0.501961, 0.501961, 0.501961, 1 )
custom_colors/font_color_shadow = Color( 0, 0, 0, 1 )
custom_constants/shadow_offset_x = 2
custom_constants/shadow_offset_y = 2
text = "Your best"
valign = 1

[node name="Value" type="Label" parent="Offset/HBox/VBox_YourBest"]
margin_top = 22.0
margin_right = 180.0
margin_bottom = 40.0
rect_min_size = Vector2( 160, 0 )
size_flags_vertical = 3
custom_fonts/font = ExtResource( 5 )
custom_colors/font_color = Color( 0.705882, 0.705882, 0.705882, 1 )
custom_colors/font_color_shadow = Color( 0, 0, 0, 1 )
custom_constants/shadow_offset_x = 2
custom_constants/shadow_offset_y = 2
text = "00:00.000"
align = 1
valign = 1

[node name="VBox_DevsBest" type="VBoxContainer" parent="Offset/HBox"]
visible = false
margin_left = 190.0
margin_right = 370.0
margin_bottom = 40.0
rect_min_size = Vector2( 180, 0 )

[node name="Label" type="Label" parent="Offset/HBox/VBox_DevsBest"]
margin_right = 180.0
margin_bottom = 18.0
rect_min_size = Vector2( 160, 0 )
size_flags_vertical = 3
custom_fonts/font = ExtResource( 4 )
custom_colors/font_color = Color( 0.501961, 0.501961, 0.501961, 1 )
custom_colors/font_color_shadow = Color( 0, 0, 0, 1 )
custom_constants/shadow_offset_x = 2
custom_constants/shadow_offset_y = 2
text = "Dev's best"
valign = 1

[node name="Value" type="Label" parent="Offset/HBox/VBox_DevsBest"]
margin_top = 22.0
margin_right = 180.0
margin_bottom = 40.0
rect_min_size = Vector2( 160, 0 )
size_flags_vertical = 3
custom_fonts/font = ExtResource( 5 )
custom_colors/font_color = Color( 0.705882, 0.705882, 0.705882, 1 )
custom_colors/font_color_shadow = Color( 0, 0, 0, 1 )
custom_constants/shadow_offset_x = 2
custom_constants/shadow_offset_y = 2
text = "00:00.000"
align = 1
valign = 1

[node name="Label_Jerk" type="Label" parent="Offset"]
visible = false
margin_left = 30.0
margin_top = 680.0
margin_right = 1250.0
margin_bottom = 700.0
rect_min_size = Vector2( 1220, 20 )
size_flags_horizontal = 0
custom_fonts/font = ExtResource( 4 )
custom_colors/font_color_shadow = Color( 0, 0, 0, 1 )
custom_constants/shadow_offset_x = 1
custom_constants/shadow_offset_y = 1
text = "This card doesn't count towards the total, and for good reasons."
align = 1
autowrap = true

[node name="Center" type="CenterContainer" parent="."]
anchor_right = 1.0
anchor_bottom = 1.0

[node name="HBox_Cards" type="HBoxContainer" parent="Center"]
margin_left = 320.0
margin_top = 360.0
margin_right = 960.0
margin_bottom = 360.0
rect_min_size = Vector2( 640, 0 )
focus_mode = 1
alignment = 1

[node name="Audio_Move" type="AudioStreamPlayer" parent="."]
stream = ExtResource( 6 )
bus = "UI"

[node name="Audio_Select" type="AudioStreamPlayer" parent="."]
stream = ExtResource( 7 )
bus = "UI"

[node name="Audio_Start" type="AudioStreamPlayer" parent="."]
stream = ExtResource( 8 )
bus = "UI"

[node name="AnimationPlayer" type="AnimationPlayer" parent="."]
anims/appear = SubResource( 1 )
anims/disappear = SubResource( 2 )

[node name="Tween" type="Tween" parent="."]
[connection signal="animation_finished" from="AnimationPlayer" to="." method="_on_AnimationPlayer_animation_finished"]
